@article{Elliman:1990:RSC:78382.78394,
 author = {Elliman, D. G. and Lancaster, I. T.},
 title = {A Review of Segmentation and Contextual Analysis Techniques for Text Recognition},
 journal = {Pattern Recogn.},
 issue_date = {March 1990},
 volume = {23},
 number = {3-4},
 month = mar,
 year = {1990},
 issn = {0031-3203},
 pages = {337--346},
 numpages = {10},
 url = {http://dx.doi.org/10.1016/0031-3203(90)90021-C},
 doi = {10.1016/0031-3203(90)90021-C},
 acmid = {78394},
 publisher = {Elsevier Science Inc.},
 address = {New York, NY, USA},
} 

@inproceedings{Hagen:2011:QSR:1963405.1963423,
 author = {Hagen, Matthias and Potthast, Martin and Stein, Benno and Br\"{a}utigam, Christof},
 title = {Query Segmentation Revisited},
 booktitle = {Proceedings of the 20th International Conference on World Wide Web},
 series = {WWW '11},
 year = {2011},
 isbn = {978-1-4503-0632-4},
 location = {Hyderabad, India},
 pages = {97--106},
 numpages = {10},
 url = {http://doi.acm.org/10.1145/1963405.1963423},
 doi = {10.1145/1963405.1963423},
 acmid = {1963423},
 publisher = {ACM},
 address = {New York, NY, USA},
 keywords = {corpus, query segmentation, web n-grams},
} 

@inproceedings{Hagen:2010:PNQ:1835449.1835621,
 author = {Hagen, Matthias and Potthast, Martin and Stein, Benno and Braeutigam, Christof},
 title = {The Power of Naive Query Segmentation},
 booktitle = {Proceedings of the 33rd International ACM SIGIR Conference on Research and Development in Information Retrieval},
 series = {SIGIR '10},
 year = {2010},
 isbn = {978-1-4503-0153-4},
 location = {Geneva, Switzerland},
 pages = {797--798},
 numpages = {2},
 url = {http://doi.acm.org/10.1145/1835449.1835621},
 doi = {10.1145/1835449.1835621},
 acmid = {1835621},
 publisher = {ACM},
 address = {New York, NY, USA},
 keywords = {query segmentation},
} 

@inproceedings{Yu:2009:QSU:1557670.1557680,
 author = {Yu, Xiaohui and Shi, Huxia},
 title = {Query Segmentation Using Conditional Random Fields},
 booktitle = {Proceedings of the First International Workshop on Keyword Search on Structured Data},
 series = {KEYS '09},
 year = {2009},
 isbn = {978-1-60558-570-3},
 location = {Providence, Rhode Island},
 pages = {21--26},
 numpages = {6},
 url = {http://doi.acm.org/10.1145/1557670.1557680},
 doi = {10.1145/1557670.1557680},
 acmid = {1557680},
 publisher = {ACM},
 address = {New York, NY, USA},
} 

@article{Beeferman:1999:SMT:309497.309507,
 author = {Beeferman, Doug and Berger, Adam and Lafferty, John},
 title = {Statistical Models for Text Segmentation},
 journal = {Mach. Learn.},
 issue_date = {Feb. 1999},
 volume = {34},
 number = {1-3},
 month = feb,
 year = {1999},
 issn = {0885-6125},
 pages = {177--210},
 numpages = {34},
 url = {http://dx.doi.org/10.1023/A:1007506220214},
 doi = {10.1023/A:1007506220214},
 acmid = {309507},
 publisher = {Kluwer Academic Publishers},
 address = {Hingham, MA, USA},
 keywords = {decision trees, exponential models, inductive learning, language modeling, maximum entropy, natural language processing, text segmentation},
}

@article{Huang:2003:AML:945486.945492,
 author = {Huang, Xiangji and Peng, Fuchun and Schuurmans, Dale and Cercone, Nick and Robertson, Stephen E.},
 title = {Applying Machine Learning to Text Segmentation for Information Retrieval},
 journal = {Inf. Retr.},
 issue_date = {September-December 2003},
 volume = {6},
 number = {3-4},
 month = sep,
 year = {2003},
 issn = {1386-4564},
 pages = {333--362},
 numpages = {30},
 url = {http://dx.doi.org/10.1023/A:1026028229881},
 doi = {10.1023/A:1026028229881},
 acmid = {945492},
 publisher = {Kluwer Academic Publishers},
 address = {Hingham, MA, USA},
 keywords = {Chinese information retrieval, EM algorithm, machine learning, word segmentation},
}

@inproceedings{Guo:2009:NER:1571941.1571989,
 author = {Guo, Jiafeng and Xu, Gu and Cheng, Xueqi and Li, Hang},
 title = {Named Entity Recognition in Query},
 booktitle = {Proceedings of the 32Nd International ACM SIGIR Conference on Research and Development in Information Retrieval},
 series = {SIGIR '09},
 year = {2009},
 isbn = {978-1-60558-483-6},
 location = {Boston, MA, USA},
 pages = {267--274},
 numpages = {8},
 url = {http://doi.acm.org/10.1145/1571941.1571989},
 doi = {10.1145/1571941.1571989},
 acmid = {1571989},
 publisher = {ACM},
 address = {New York, NY, USA},
 keywords = {named entity recognition, topic model},
} 

@inproceedings{Li:2012:TNE:2348283.2348380,
 author = {Li, Chenliang and Weng, Jianshu and He, Qi and Yao, Yuxia and Datta, Anwitaman and Sun, Aixin and Lee, Bu-Sung},
 title = {TwiNER: Named Entity Recognition in Targeted Twitter Stream},
 booktitle = {Proceedings of the 35th International ACM SIGIR Conference on Research and Development in Information Retrieval},
 series = {SIGIR '12},
 year = {2012},
 isbn = {978-1-4503-1472-5},
 location = {Portland, Oregon, USA},
 pages = {721--730},
 numpages = {10},
 url = {http://doi.acm.org/10.1145/2348283.2348380},
 doi = {10.1145/2348283.2348380},
 acmid = {2348380},
 publisher = {ACM},
 address = {New York, NY, USA},
 keywords = {named entity recognition, tweets, twitter, web n-gram, wikipedia},
}

@inproceedings{Murnane:2013:RLU:2487788.2488162,
 author = {Murnane, Elizabeth L. and Haslhofer, Bernhard and Lagoze, Carl},
 title = {RESLVE: Leveraging User Interest to Improve Entity Disambiguation on Short Text},
 booktitle = {Proceedings of the 22Nd International Conference on World Wide Web Companion},
 series = {WWW '13 Companion},
 year = {2013},
 isbn = {978-1-4503-2038-2},
 location = {Rio de Janeiro, Brazil},
 pages = {1275--1284},
 numpages = {10},
 url = {http://dl.acm.org/citation.cfm?id=2487788.2488162},
 acmid = {2488162},
 publisher = {International World Wide Web Conferences Steering Committee},
 address = {Republic and Canton of Geneva, Switzerland},
 keywords = {entity resolution, personalized ir, semantic knowledge graph, social web, user interest modeling},
} 

@inproceedings{Taksa:2007:UWS:1262257.1262320,
 author = {Taksa, Isak and Zelikovitz, Sarah and Spink, Amanda},
 title = {Using Web Search Logs to Identify Query Classification Terms},
 booktitle = {Proceedings of the International Conference on Information Technology},
 series = {ITNG '07},
 year = {2007},
 isbn = {0-7695-2776-0},
 pages = {469--474},
 numpages = {6},
 url = {http://dx.doi.org/10.1109/ITNG.2007.202},
 doi = {10.1109/ITNG.2007.202},
 acmid = {1262320},
 publisher = {IEEE Computer Society},
 address = {Washington, DC, USA},
 keywords = {web search logs, machine learning, short text classification, labeled sets},
} 

@inproceedings{Takahashi:2010:ETM:1884017.1884070,
 author = {Takahashi, Ryohei and Oyama, Satoshi and Ohshima, Hiroaki and Tanaka, Katsumi},
 title = {Evaluating Truthfulness of Modifiers Attached to Web Entity Names},
 booktitle = {Proceedings of the 11th International Conference on Web-age Information Management},
 series = {WAIM'10},
 year = {2010},
 isbn = {3-642-14245-1, 978-3-642-14245-1},
 location = {Jiuzhaigou, China},
 pages = {429--440},
 numpages = {12},
 url = {http://dl.acm.org/citation.cfm?id=1884017.1884070},
 acmid = {1884070},
 publisher = {Springer-Verlag},
 address = {Berlin, Heidelberg},
} 

@inproceedings{Bouquet:2008:ENS:1446294.1446425,
 author = {Bouquet, Paolo and Stoermer, Heiko and Niederee, Claudia and Ma\~{n}a, Antonio},
 title = {Entity Name System: The Back-Bone of an Open and Scalable Web of Data},
 booktitle = {Proceedings of the 2008 IEEE International Conference on Semantic Computing},
 series = {ICSC '08},
 year = {2008},
 isbn = {978-0-7695-3279-0},
 pages = {554--561},
 numpages = {8},
 url = {http://dx.doi.org/10.1109/ICSC.2008.37},
 doi = {10.1109/ICSC.2008.37},
 acmid = {1446425},
 publisher = {IEEE Computer Society},
 address = {Washington, DC, USA},
 keywords = {Semantic Web, Information Integration, OKKAM, Entity Name System, Scalability},
} 

@inproceedings{Oates:2002:ULS:584931.584939,
 author = {Oates, Tim and Bhat, Vinay and Shanbhag, Vishal},
 title = {Using Latent Semantic Analysis to Find Different Names for the Same Entity in Free Text},
 booktitle = {Proceedings of the 4th International Workshop on Web Information and Data Management},
 series = {WIDM '02},
 year = {2002},
 isbn = {1-58113-593-9},
 location = {McLean, Virginia, USA},
 pages = {31--35},
 numpages = {5},
 url = {http://doi.acm.org/10.1145/584931.584939},
 doi = {10.1145/584931.584939},
 acmid = {584939},
 publisher = {ACM},
 address = {New York, NY, USA},
 keywords = {alias discovery, free text, latent semantic analysis},
} 

@inproceedings{Magdy:2007:ACP:1654576.1654582,
 author = {Magdy, Walid and Darwish, Kareem and Emam, Ossama and Hassan, Hany},
 title = {Arabic Cross-document Person Name Normalization},
 booktitle = {Proceedings of the 2007 Workshop on Computational Approaches to Semitic Languages: Common Issues and Resources},
 series = {Semitic '07},
 year = {2007},
 location = {Prague, Czech Republic},
 pages = {25--32},
 numpages = {8},
 url = {http://dl.acm.org/citation.cfm?id=1654576.1654582},
 acmid = {1654582},
 publisher = {Association for Computational Linguistics},
 address = {Stroudsburg, PA, USA},
}

@inproceedings{Fang:2006:HGN:1567619.1567627,
 author = {Fang, Haw-ren and Murphy, Kevin and Jin, Yang and Kim, Jessica S. and White, Peter S.},
 title = {Human Gene Name Normalization Using Text Matching with Automatically Extracted Synonym Dictionaries},
 booktitle = {Proceedings of the Workshop on Linking Natural Language Processing and Biology: Towards Deeper Biological Literature Analysis},
 series = {BioNLP '06},
 year = {2006},
 location = {New York City, New York},
 pages = {41--48},
 numpages = {8},
 url = {http://dl.acm.org/citation.cfm?id=1567619.1567627},
 acmid = {1567627},
 publisher = {Association for Computational Linguistics},
 address = {Stroudsburg, PA, USA},
} 

@inproceedings{Li:2002:LNI:1072228.1072355,
 author = {Li, Huifeng and Srihari, Rohini K. and Niu, Cheng and Li, Wei},
 title = {Location Normalization for Information Extraction},
 booktitle = {Proceedings of the 19th International Conference on Computational Linguistics - Volume 1},
 series = {COLING '02},
 year = {2002},
 location = {Taipei, Taiwan},
 pages = {1--7},
 numpages = {7},
 url = {http://dx.doi.org/10.3115/1072228.1072355},
 doi = {10.3115/1072228.1072355},
 acmid = {1072355},
 publisher = {Association for Computational Linguistics},
 address = {Stroudsburg, PA, USA},
} 

@article{Braschler:2004:ESD:964569.964608,
 author = {Braschler, Martin and Ripplinger, B\"{a}rbel},
 title = {How Effective is Stemming and Decompounding for German Text Retrieval?},
 journal = {Inf. Retr.},
 issue_date = {September-December 2004},
 volume = {7},
 number = {3-4},
 month = sep,
 year = {2004},
 issn = {1386-4564},
 pages = {291--316},
 numpages = {26},
 url = {http://dx.doi.org/10.1023/B:INRT.0000011208.60754.a1},
 doi = {10.1023/B:INRT.0000011208.60754.a1},
 acmid = {964608},
 publisher = {Kluwer Academic Publishers},
 address = {Hingham, MA, USA},
 keywords = {German, decompounding, evaluation, morphological analysis, stemming},
} 

@InProceedings{vilain-huggins-wellner:2009:RANLP09,
  author    = {Vilain, Marc  and  Huggins, Jonathan  and  Wellner, Ben},
  title     = {Sources of Performance in CRF Transfer Training: a Business Name-tagging Case Study},
  booktitle = {Proceedings of the International Conference RANLP-2009},
  month     = {September},
  year      = {2009},
  address   = {Borovets, Bulgaria},
  publisher = {Association for Computational Linguistics},
  pages     = {465--470},
  url       = {http://www.aclweb.org/anthology/R09-1083}
}

@inproceedings{Vilain:2007:EEB:1614108.1614154,
 author = {Vilain, Marc and Su, Jennifer and Lubar, Suzi},
 title = {Entity Extraction is a Boring Solved Problem: Or is It?},
 booktitle = {Human Language Technologies 2007: The Conference of the North American Chapter of the Association for Computational Linguistics; Companion Volume, Short Papers},
 series = {NAACL-Short '07},
 year = {2007},
 location = {Rochester, New York},
 pages = {181--184},
 numpages = {4},
 url = {http://dl.acm.org/citation.cfm?id=1614108.1614154},
 acmid = {1614154},
 publisher = {Association for Computational Linguistics},
 address = {Stroudsburg, PA, USA},
} 